% this is me!!

@misc{frugte2025futureparameterconstraintsweak,
      title={Future Parameter Constraints from Weak Lensing CMB and Galaxy Lensing Power- and Bispectra}, 
      author={Jonas Frugte and P. Daniel Meerburg},
      year={2025},
      eprint={2507.20262},
      archivePrefix={arXiv},
      primaryClass={astro-ph.CO},
      url={https://arxiv.org/abs/2507.20262}, 
}

% okay now the actual sources...

@article{Desjacques_2018,
   title={Large-scale galaxy bias},
   volume={733},
   ISSN={0370-1573},
   url={http://dx.doi.org/10.1016/j.physrep.2017.12.002},
   DOI={10.1016/j.physrep.2017.12.002},
   journal={Physics Reports},
   publisher={Elsevier BV},
   author={Desjacques, Vincent and Jeong, Donghui and Schmidt, Fabian},
   year={2018},
   month=feb, pages={1-193} }

@article{Mirbabayi_2015,
   title={Biased tracers and time evolution},
   volume={2015},
   ISSN={1475-7516},
   url={http://dx.doi.org/10.1088/1475-7516/2015/07/030},
   DOI={10.1088/1475-7516/2015/07/030},
   number={07},
   journal={Journal of Cosmology and Astroparticle Physics},
   publisher={IOP Publishing},
   author={Mirbabayi, Mehrdad and Schmidt, Fabian and Zaldarriaga, Matias},
   year={2015},
   month=jul, pages={030-030} }

@misc{bakx2023effectivefieldtheoryintrinsic,
      title={Effective Field Theory of Intrinsic Alignments at One Loop Order: a Comparison to Dark Matter Simulations}, 
      author={Thomas Bakx and Toshiki Kurita and Nora Elisa Chisari and Zvonimir Vlah and Fabian Schmidt},
      year={2023},
      eprint={2303.15565},
      archivePrefix={arXiv},
      primaryClass={astro-ph.CO},
      url={https://arxiv.org/abs/2303.15565}, 
}

@misc{Schmidt2013_clustering,
  author       = {Fabian Schmidt},
  title        = {MPA Lectures on Galaxy Clustering},
  year         = {2013},
  howpublished = {\url{https://wwwmpa.mpa-garching.mpg.de/~komatsu/lecturenotes/Fabian_Schmidt_on_clustering.pdf}},
  note         = {Accessed: \today},
}

@article{Biagetti_2020,
   title={Primordial gravitational waves from galaxy intrinsic alignments},
   volume={2020},
   ISSN={1475-7516},
   url={http://dx.doi.org/10.1088/1475-7516/2020/07/005},
   DOI={10.1088/1475-7516/2020/07/005},
   number={07},
   journal={Journal of Cosmology and Astroparticle Physics},
   publisher={IOP Publishing},
   author={Biagetti, Matteo and Orlando, Giorgio},
   year={2020},
   month=jul, pages={005–005} }

@article{Chisari_2013,
   title={Cosmological information in the intrinsic alignments of luminous red galaxies},
   volume={2013},
   ISSN={1475-7516},
   url={http://dx.doi.org/10.1088/1475-7516/2013/12/029},
   DOI={10.1088/1475-7516/2013/12/029},
   number={12},
   journal={Journal of Cosmology and Astroparticle Physics},
   publisher={IOP Publishing},
   author={Chisari, Nora Elisa and Dvorkin, Cora},
   year={2013},
   month=dec, pages={029–029} }

@article{Vlah_2020,
   title={An EFT description of galaxy intrinsic alignments},
   volume={2020},
   ISSN={1475-7516},
   url={http://dx.doi.org/10.1088/1475-7516/2020/01/025},
   DOI={10.1088/1475-7516/2020/01/025},
   number={01},
   journal={Journal of Cosmology and Astroparticle Physics},
   publisher={IOP Publishing},
   author={Vlah, Zvonimir and Chisari, Nora Elisa and Schmidt, Fabian},
   year={2020},
   month=jan, pages={025–025} }

@article{Samuroff_2021,
   title={Advances in constraining intrinsic alignment models with hydrodynamic simulations},
   volume={508},
   ISSN={1365-2966},
   url={http://dx.doi.org/10.1093/mnras/stab2520},
   DOI={10.1093/mnras/stab2520},
   number={1},
   journal={Monthly Notices of the Royal Astronomical Society},
   publisher={Oxford University Press (OUP)},
   author={Samuroff, S and Mandelbaum, R and Blazek, J},
   year={2021},
   month=sep, pages={637–664} }

@article{Johnston_2023,
   title={Intrinsic correlations of galaxy sizes in a hydrodynamical cosmological simulation},
   volume={520},
   ISSN={1365-2966},
   url={http://dx.doi.org/10.1093/mnras/stad201},
   DOI={10.1093/mnras/stad201},
   number={1},
   journal={Monthly Notices of the Royal Astronomical Society},
   publisher={Oxford University Press (OUP)},
   author={Johnston, Harry and Westbeek, Dana Sophia and Weide, Sjoerd and Chisari, Nora Elisa and Dubois, Yohan and Devriendt, Julien and Pichon, Christophe},
   year={2023},
   month=jan, pages={1541–1566} }

@article{Desjacques_2018_2,
   title={The galaxy power spectrum and bispectrum in redshift space},
   volume={2018},
   ISSN={1475-7516},
   url={http://dx.doi.org/10.1088/1475-7516/2018/12/035},
   DOI={10.1088/1475-7516/2018/12/035},
   number={12},
   journal={Journal of Cosmology and Astroparticle Physics},
   publisher={IOP Publishing},
   author={Desjacques, Vincent and Jeong, Donghui and Schmidt, Fabian},
   year={2018},
   month=dec, pages={035–035} }


